<collection xmlns="http://www.loc.gov/MARC21/slim">
<record>
  <leader>01654nam0a2200349 i 450 </leader>
  <controlfield tag="001">IT\ICCU\CNCE\003504</controlfield>
  <controlfield tag="005">20181016000000.0</controlfield>
  <datafield tag="012" ind1=" " ind2=" ">
    <subfield code="a">iuue b*bi a.b- rale (3) 1514 (R)</subfield>
    <subfield code="2">fei</subfield>
  </datafield>
  <datafield tag="100" ind1=" " ind2=" ">
    <subfield code="a">19970101d1514        0itac0103    ba</subfield>
  </datafield>
  <datafield tag="101" ind1=" " ind2=" ">
    <subfield code="a">LAT</subfield>
  </datafield>
  <datafield tag="102" ind1=" " ind2=" ">
    <subfield code="a">IT</subfield>
  </datafield>
  <datafield tag="200" ind1="1" ind2=" ">
    <subfield code="a">Abhomeron Abynzoar. Colliget Averroys</subfield>
  </datafield>
  <datafield tag="210" ind1=" " ind2=" ">
    <subfield code="e">Impressum venetijs</subfield>
    <subfield code="g">per Gregorium de gregorijs</subfield>
    <subfield code="h">1514 Die. xx. mensis Septembris</subfield>
  </datafield>
  <datafield tag="215" ind1=" " ind2=" ">
    <subfield code="a">108 c.</subfield>
    <subfield code="d">fol</subfield>
  </datafield>
  <datafield tag="620" ind1=" " ind2=" ">
    <subfield code="a">IT</subfield>
    <subfield code="d">Venezia</subfield>
  </datafield>
  <datafield tag="700" ind1=" " ind2="0">
    <subfield code="a">Avenzoar</subfield>
    <subfield code="3">IT\ICCU\CNCA\000360</subfield>
  </datafield>
  <datafield tag="702" ind1=" " ind2="0">
    <subfield code="a">Averroes</subfield>
    <subfield code="3">IT\ICCU\CNCA\000273</subfield>
  </datafield>
  <datafield tag="712" ind1="0" ind2="0">
    <subfield code="a">De_Gregori, Gregorio</subfield>
    <subfield code="3">IT\ICCU\CNCT\000087</subfield>
    <subfield code="4">650</subfield>
  </datafield>
  <datafield tag="790" ind1=" " ind2="0">
    <subfield code="a">Abynzoar</subfield>
    <subfield code="3">IT\ICCU\CNCA\007529</subfield>
    <subfield code="z">Avenzoar</subfield>
  </datafield>
  <datafield tag="790" ind1=" " ind2="0">
    <subfield code="a">Abu Marwan &apos;Abd al-Malik ibn Zuhr</subfield>
    <subfield code="3">IT\ICCU\CNCA\012318</subfield>
    <subfield code="z">Avenzoar</subfield>
  </datafield>
  <datafield tag="790" ind1=" " ind2="1">
    <subfield code="a">Ibn Zuhr,</subfield>
    <subfield code="b">Aliu Marwan Abd-al Malik</subfield>
    <subfield code="3">IT\ICCU\CNCA\014506</subfield>
    <subfield code="z">Avenzoar</subfield>
  </datafield>
  <datafield tag="790" ind1=" " ind2="1">
    <subfield code="a">Ibn Rushd,</subfield>
    <subfield code="b">Abu al-Walid Muhammad</subfield>
    <subfield code="3">IT\ICCU\CNCA\005380</subfield>
    <subfield code="z">Averroes</subfield>
  </datafield>
  <datafield tag="790" ind1=" " ind2="0">
    <subfield code="a"></subfield>
    <subfield code="3">IT\ICCU\CNCA\018782</subfield>
    <subfield code="z">Averroes</subfield>
  </datafield>
  <datafield tag="791" ind1="0" ind2="0">
    <subfield code="a">Gregoriis, Gregorius de</subfield>
    <subfield code="3">IT\ICCU\CNCT\003749</subfield>
    <subfield code="z">De_Gregori, Gregorio</subfield>
  </datafield>
  <datafield tag="791" ind1="0" ind2="0">
    <subfield code="a">Gregori, Gregorio de</subfield>
    <subfield code="3">IT\ICCU\CNCT\004572</subfield>
    <subfield code="z">De_Gregori, Gregorio</subfield>
  </datafield>
  <datafield tag="791" ind1="0" ind2="0">
    <subfield code="a">Grigorii, Gregorio de</subfield>
    <subfield code="3">IT\ICCU\CNCT\004573</subfield>
    <subfield code="z">De_Gregori, Gregorio</subfield>
  </datafield>
  <datafield tag="801" ind1=" " ind2="3">
    <subfield code="a">IT</subfield>
    <subfield code="b">ICCU</subfield>
    <subfield code="c">20201113</subfield>
  </datafield>
  <datafield tag="899" ind1=" " ind2=" ">
    <subfield code="a">Biblioteca estera - Biblioteca Universidad Complutense de Madrid. Madrid</subfield>
    <subfield code="1">AA0002</subfield>
  </datafield>
  <datafield tag="899" ind1=" " ind2=" ">
    <subfield code="a">Biblioteca estera - Bayerische StaatsBibliothek. Muenchen</subfield>
    <subfield code="1">AA0008</subfield>
  </datafield>
  <datafield tag="899" ind1=" " ind2=" ">
    <subfield code="a">Biblioteca comunale Mozzi-Borgetti. Macerata</subfield>
    <subfield code="1">MC0049</subfield>
    <subfield code="2">UMC CM</subfield>
  </datafield>
  <datafield tag="899" ind1=" " ind2=" ">
    <subfield code="a">Biblioteca universitaria Alessandrina. Roma</subfield>
    <subfield code="1">RM0280</subfield>
    <subfield code="2">RML 01</subfield>
  </datafield>
  <datafield tag="899" ind1=" " ind2=" ">
    <subfield code="a">Biblioteca statale del Monumento nazionale. Cava dei Tirreni</subfield>
    <subfield code="1">SA0088</subfield>
    <subfield code="2">NAP 95</subfield>
  </datafield>
</record>
</collection>
